%YAML 1.1
%TAG !u! tag:unity3d.com,2011:
--- !u!1001 &100100000
Prefab:
  m_ObjectHideFlags: 1
  serializedVersion: 2
  m_Modification:
    m_TransformParent: {fileID: 0}
    m_Modifications: []
    m_RemovedComponents: []
  m_ParentPrefab: {fileID: 0}
  m_RootGameObject: {fileID: 1335193277364334}
  m_IsPrefabParent: 1
--- !u!1 &1163896961463922
GameObject:
  m_ObjectHideFlags: 0
  m_PrefabParentObject: {fileID: 0}
  m_PrefabInternal: {fileID: 100100000}
  serializedVersion: 5
  m_Component:
  - component: {fileID: 4198466697238194}
  - component: {fileID: 65299160952349580}
  m_Layer: 0
  m_Name: aoRockHarvest
  m_TagString: Untagged
  m_Icon: {fileID: 0}
  m_NavMeshLayer: 0
  m_StaticEditorFlags: 0
  m_IsActive: 1
--- !u!1 &1335193277364334
GameObject:
  m_ObjectHideFlags: 0
  m_PrefabParentObject: {fileID: 0}
  m_PrefabInternal: {fileID: 100100000}
  serializedVersion: 5
  m_Component:
  - component: {fileID: 4719680265839030}
  - component: {fileID: 95637245864595020}
  - component: {fileID: 114290428535311030}
  - component: {fileID: 195510792389516818}
  - component: {fileID: 114718048791956952}
  - component: {fileID: 114132720321388032}
  - component: {fileID: 54078948791174178}
  - component: {fileID: 114338781636583182}
  - component: {fileID: 114603341079267982}
  m_Layer: 9
  m_Name: Blue Energy Node
  m_TagString: Monster
  m_Icon: {fileID: 0}
  m_NavMeshLayer: 0
  m_StaticEditorFlags: 0
  m_IsActive: 1
--- !u!1 &1609601101346978
GameObject:
  m_ObjectHideFlags: 1
  m_PrefabParentObject: {fileID: 0}
  m_PrefabInternal: {fileID: 100100000}
  serializedVersion: 5
  m_Component:
  - component: {fileID: 4277571928858484}
  - component: {fileID: 33380268443197588}
  - component: {fileID: 23241497992189488}
  m_Layer: 0
  m_Name: crystal
  m_TagString: Untagged
  m_Icon: {fileID: 0}
  m_NavMeshLayer: 0
  m_StaticEditorFlags: 0
  m_IsActive: 1
--- !u!1 &1644312826232320
GameObject:
  m_ObjectHideFlags: 1
  m_PrefabParentObject: {fileID: 0}
  m_PrefabInternal: {fileID: 100100000}
  serializedVersion: 5
  m_Component:
  - component: {fileID: 4801395392714382}
  - component: {fileID: 33558590760972654}
  - component: {fileID: 23237575894673042}
  m_Layer: 0
  m_Name: MainRock
  m_TagString: Untagged
  m_Icon: {fileID: 0}
  m_NavMeshLayer: 0
  m_StaticEditorFlags: 0
  m_IsActive: 1
--- !u!1 &1857294249440906
GameObject:
  m_ObjectHideFlags: 1
  m_PrefabParentObject: {fileID: 0}
  m_PrefabInternal: {fileID: 100100000}
  serializedVersion: 5
  m_Component:
  - component: {fileID: 4299223524664372}
  - component: {fileID: 33716390543275146}
  - component: {fileID: 23997814520696428}
  m_Layer: 0
  m_Name: crystal
  m_TagString: Untagged
  m_Icon: {fileID: 0}
  m_NavMeshLayer: 0
  m_StaticEditorFlags: 0
  m_IsActive: 1
--- !u!1 &1968678591819736
GameObject:
  m_ObjectHideFlags: 1
  m_PrefabParentObject: {fileID: 0}
  m_PrefabInternal: {fileID: 100100000}
  serializedVersion: 5
  m_Component:
  - component: {fileID: 4494647810209566}
  - component: {fileID: 33396749502729200}
  - component: {fileID: 23353055911001422}
  m_Layer: 0
  m_Name: crystal
  m_TagString: Untagged
  m_Icon: {fileID: 0}
  m_NavMeshLayer: 0
  m_StaticEditorFlags: 0
  m_IsActive: 1
--- !u!4 &4198466697238194
Transform:
  m_ObjectHideFlags: 1
  m_PrefabParentObject: {fileID: 0}
  m_PrefabInternal: {fileID: 100100000}
  m_GameObject: {fileID: 1163896961463922}
  m_LocalRotation: {x: -0, y: -1, z: -0, w: 0}
  m_LocalPosition: {x: -3.1, y: 0, z: 0}
  m_LocalScale: {x: 2.6934214, y: 2.6934206, z: 2.6934206}
  m_Children:
  - {fileID: 4801395392714382}
  - {fileID: 4494647810209566}
  - {fileID: 4299223524664372}
  - {fileID: 4277571928858484}
  m_Father: {fileID: 4719680265839030}
  m_RootOrder: 0
  m_LocalEulerAnglesHint: {x: 0, y: 0, z: 0}
--- !u!4 &4277571928858484
Transform:
  m_ObjectHideFlags: 1
  m_PrefabParentObject: {fileID: 0}
  m_PrefabInternal: {fileID: 100100000}
  m_GameObject: {fileID: 1609601101346978}
  m_LocalRotation: {x: -0.38437858, y: -0.33131012, z: -0.074599765, w: 0.8584414}
  m_LocalPosition: {x: -1.2284546, y: 2.2432609, z: -0.44771296}
  m_LocalScale: {x: 0.42198074, y: 0.42163095, z: 0.4219845}
  m_Children: []
  m_Father: {fileID: 4198466697238194}
  m_RootOrder: 3
  m_LocalEulerAnglesHint: {x: 0, y: 0, z: 0}
--- !u!4 &4299223524664372
Transform:
  m_ObjectHideFlags: 1
  m_PrefabParentObject: {fileID: 0}
  m_PrefabInternal: {fileID: 100100000}
  m_GameObject: {fileID: 1857294249440906}
  m_LocalRotation: {x: -0.5188282, y: 0.7692456, z: 0.019887907, w: -0.37240157}
  m_LocalPosition: {x: -0.63411766, y: 0.8758165, z: -0.16554873}
  m_LocalScale: {x: 0.4217223, y: 0.4218, z: 0.42171645}
  m_Children: []
  m_Father: {fileID: 4198466697238194}
  m_RootOrder: 2
  m_LocalEulerAnglesHint: {x: 0, y: 0, z: 0}
--- !u!4 &4494647810209566
Transform:
  m_ObjectHideFlags: 1
  m_PrefabParentObject: {fileID: 0}
  m_PrefabInternal: {fileID: 100100000}
  m_GameObject: {fileID: 1968678591819736}
  m_LocalRotation: {x: 0.2940704, y: 0.89794636, z: -0.30357358, w: -0.12271154}
  m_LocalPosition: {x: -0.9132806, y: 0.65512687, z: -0.6671208}
  m_LocalScale: {x: 1.2899983, y: 1.2265965, z: 1.2071772}
  m_Children: []
  m_Father: {fileID: 4198466697238194}
  m_RootOrder: 1
  m_LocalEulerAnglesHint: {x: 0, y: 0, z: 0}
--- !u!4 &4719680265839030
Transform:
  m_ObjectHideFlags: 1
  m_PrefabParentObject: {fileID: 0}
  m_PrefabInternal: {fileID: 100100000}
  m_GameObject: {fileID: 1335193277364334}
  m_LocalRotation: {x: 0, y: 1, z: 0, w: 0}
  m_LocalPosition: {x: -1.68, y: -20.54, z: 64.25}
  m_LocalScale: {x: 1, y: 1, z: 1}
  m_Children:
  - {fileID: 4198466697238194}
  m_Father: {fileID: 0}
  m_RootOrder: 0
  m_LocalEulerAnglesHint: {x: 0, y: 180, z: 0}
--- !u!4 &4801395392714382
Transform:
  m_ObjectHideFlags: 1
  m_PrefabParentObject: {fileID: 0}
  m_PrefabInternal: {fileID: 100100000}
  m_GameObject: {fileID: 1644312826232320}
  m_LocalRotation: {x: 0.47451973, y: 0.5242433, z: 0.5242433, w: -0.47451976}
  m_LocalPosition: {x: -1.2090029, y: 1.0000999, z: -0.642582}
  m_LocalScale: {x: 1.0001141, y: 1.0008686, z: 1.0007639}
  m_Children: []
  m_Father: {fileID: 4198466697238194}
  m_RootOrder: 0
  m_LocalEulerAnglesHint: {x: 0, y: 0, z: 0}
--- !u!23 &23237575894673042
MeshRenderer:
  m_ObjectHideFlags: 1
  m_PrefabParentObject: {fileID: 0}
  m_PrefabInternal: {fileID: 100100000}
  m_GameObject: {fileID: 1644312826232320}
  m_Enabled: 1
  m_CastShadows: 1
  m_ReceiveShadows: 1
  m_MotionVectors: 1
  m_LightProbeUsage: 1
  m_ReflectionProbeUsage: 1
  m_Materials:
  - {fileID: 2100000, guid: 82e166e6c1c2f2c40bffebbc42d63370, type: 2}
  m_StaticBatchInfo:
    firstSubMesh: 0
    subMeshCount: 0
  m_StaticBatchRoot: {fileID: 0}
  m_ProbeAnchor: {fileID: 0}
  m_LightProbeVolumeOverride: {fileID: 0}
  m_ScaleInLightmap: 1
  m_PreserveUVs: 0
  m_IgnoreNormalsForChartDetection: 0
  m_ImportantGI: 0
  m_SelectedEditorRenderState: 3
  m_MinimumChartSize: 4
  m_AutoUVMaxDistance: 0.5
  m_AutoUVMaxAngle: 89
  m_LightmapParameters: {fileID: 0}
  m_SortingLayerID: 0
  m_SortingLayer: 0
  m_SortingOrder: 0
--- !u!23 &23241497992189488
MeshRenderer:
  m_ObjectHideFlags: 1
  m_PrefabParentObject: {fileID: 0}
  m_PrefabInternal: {fileID: 100100000}
  m_GameObject: {fileID: 1609601101346978}
  m_Enabled: 1
  m_CastShadows: 1
  m_ReceiveShadows: 1
  m_MotionVectors: 1
  m_LightProbeUsage: 1
  m_ReflectionProbeUsage: 1
  m_Materials:
  - {fileID: 2100000, guid: add346a8172adae42bb73303235dbc13, type: 2}
  m_StaticBatchInfo:
    firstSubMesh: 0
    subMeshCount: 0
  m_StaticBatchRoot: {fileID: 0}
  m_ProbeAnchor: {fileID: 0}
  m_LightProbeVolumeOverride: {fileID: 0}
  m_ScaleInLightmap: 1
  m_PreserveUVs: 0
  m_IgnoreNormalsForChartDetection: 0
  m_ImportantGI: 0
  m_SelectedEditorRenderState: 3
  m_MinimumChartSize: 4
  m_AutoUVMaxDistance: 0.5
  m_AutoUVMaxAngle: 89
  m_LightmapParameters: {fileID: 0}
  m_SortingLayerID: 0
  m_SortingLayer: 0
  m_SortingOrder: 0
--- !u!23 &23353055911001422
MeshRenderer:
  m_ObjectHideFlags: 1
  m_PrefabParentObject: {fileID: 0}
  m_PrefabInternal: {fileID: 100100000}
  m_GameObject: {fileID: 1968678591819736}
  m_Enabled: 1
  m_CastShadows: 1
  m_ReceiveShadows: 1
  m_MotionVectors: 1
  m_LightProbeUsage: 1
  m_ReflectionProbeUsage: 1
  m_Materials:
  - {fileID: 2100000, guid: add346a8172adae42bb73303235dbc13, type: 2}
  m_StaticBatchInfo:
    firstSubMesh: 0
    subMeshCount: 0
  m_StaticBatchRoot: {fileID: 0}
  m_ProbeAnchor: {fileID: 0}
  m_LightProbeVolumeOverride: {fileID: 0}
  m_ScaleInLightmap: 1
  m_PreserveUVs: 0
  m_IgnoreNormalsForChartDetection: 0
  m_ImportantGI: 0
  m_SelectedEditorRenderState: 3
  m_MinimumChartSize: 4
  m_AutoUVMaxDistance: 0.5
  m_AutoUVMaxAngle: 89
  m_LightmapParameters: {fileID: 0}
  m_SortingLayerID: 0
  m_SortingLayer: 0
  m_SortingOrder: 0
--- !u!23 &23997814520696428
MeshRenderer:
  m_ObjectHideFlags: 1
  m_PrefabParentObject: {fileID: 0}
  m_PrefabInternal: {fileID: 100100000}
  m_GameObject: {fileID: 1857294249440906}
  m_Enabled: 1
  m_CastShadows: 1
  m_ReceiveShadows: 1
  m_MotionVectors: 1
  m_LightProbeUsage: 1
  m_ReflectionProbeUsage: 1
  m_Materials:
  - {fileID: 2100000, guid: add346a8172adae42bb73303235dbc13, type: 2}
  m_StaticBatchInfo:
    firstSubMesh: 0
    subMeshCount: 0
  m_StaticBatchRoot: {fileID: 0}
  m_ProbeAnchor: {fileID: 0}
  m_LightProbeVolumeOverride: {fileID: 0}
  m_ScaleInLightmap: 1
  m_PreserveUVs: 0
  m_IgnoreNormalsForChartDetection: 0
  m_ImportantGI: 0
  m_SelectedEditorRenderState: 3
  m_MinimumChartSize: 4
  m_AutoUVMaxDistance: 0.5
  m_AutoUVMaxAngle: 89
  m_LightmapParameters: {fileID: 0}
  m_SortingLayerID: 0
  m_SortingLayer: 0
  m_SortingOrder: 0
--- !u!33 &33380268443197588
MeshFilter:
  m_ObjectHideFlags: 1
  m_PrefabParentObject: {fileID: 0}
  m_PrefabInternal: {fileID: 100100000}
  m_GameObject: {fileID: 1609601101346978}
  m_Mesh: {fileID: 4300004, guid: 363ee1e7db2c5904793d11779008e644, type: 3}
--- !u!33 &33396749502729200
MeshFilter:
  m_ObjectHideFlags: 1
  m_PrefabParentObject: {fileID: 0}
  m_PrefabInternal: {fileID: 100100000}
  m_GameObject: {fileID: 1968678591819736}
  m_Mesh: {fileID: 4300000, guid: 363ee1e7db2c5904793d11779008e644, type: 3}
--- !u!33 &33558590760972654
MeshFilter:
  m_ObjectHideFlags: 1
  m_PrefabParentObject: {fileID: 0}
  m_PrefabInternal: {fileID: 100100000}
  m_GameObject: {fileID: 1644312826232320}
  m_Mesh: {fileID: 4300002, guid: 363ee1e7db2c5904793d11779008e644, type: 3}
--- !u!33 &33716390543275146
MeshFilter:
  m_ObjectHideFlags: 1
  m_PrefabParentObject: {fileID: 0}
  m_PrefabInternal: {fileID: 100100000}
  m_GameObject: {fileID: 1857294249440906}
  m_Mesh: {fileID: 4300006, guid: 363ee1e7db2c5904793d11779008e644, type: 3}
--- !u!54 &54078948791174178
Rigidbody:
  m_ObjectHideFlags: 1
  m_PrefabParentObject: {fileID: 0}
  m_PrefabInternal: {fileID: 100100000}
  m_GameObject: {fileID: 1335193277364334}
  serializedVersion: 2
  m_Mass: 1
  m_Drag: 0
  m_AngularDrag: 0.05
  m_UseGravity: 0
  m_IsKinematic: 1
  m_Interpolate: 0
  m_Constraints: 0
  m_CollisionDetection: 0
--- !u!65 &65299160952349580
BoxCollider:
  m_ObjectHideFlags: 1
  m_PrefabParentObject: {fileID: 0}
  m_PrefabInternal: {fileID: 100100000}
  m_GameObject: {fileID: 1163896961463922}
  m_Material: {fileID: 0}
  m_IsTrigger: 0
  m_Enabled: 1
  serializedVersion: 2
  m_Size: {x: 2.7, y: 5.87, z: 3.22}
  m_Center: {x: -1.08, y: 1.11, z: -0.93}
--- !u!95 &95637245864595020
Animator:
  serializedVersion: 3
  m_ObjectHideFlags: 1
  m_PrefabParentObject: {fileID: 0}
  m_PrefabInternal: {fileID: 100100000}
  m_GameObject: {fileID: 1335193277364334}
  m_Enabled: 1
  m_Avatar: {fileID: 9000000, guid: e214c0f0494b74f63bef1cf583fd3b7a, type: 3}
  m_Controller: {fileID: 0}
  m_CullingMode: 1
  m_UpdateMode: 0
  m_ApplyRootMotion: 0
  m_LinearVelocityBlending: 0
  m_WarningMessage: 
  m_HasTransformHierarchy: 1
  m_AllowConstantClipSamplingOptimization: 1
--- !u!114 &114132720321388032
MonoBehaviour:
  m_ObjectHideFlags: 1
  m_PrefabParentObject: {fileID: 0}
  m_PrefabInternal: {fileID: 100100000}
  m_GameObject: {fileID: 1335193277364334}
  m_Enabled: 1
  m_EditorHideFlags: 0
  m_Script: {fileID: 11500000, guid: 1f9fea8bb6f9efa4d8485e22bf9a6645, type: 3}
  m_Name: 
  m_EditorClassIdentifier: 
  agent: {fileID: 195510792389516818}
--- !u!114 &114290428535311030
MonoBehaviour:
  m_ObjectHideFlags: 1
  m_PrefabParentObject: {fileID: 0}
  m_PrefabInternal: {fileID: 100100000}
  m_GameObject: {fileID: 1335193277364334}
  m_Enabled: 1
  m_EditorHideFlags: 0
  m_Script: {fileID: 372142912, guid: 870353891bb340e2b2a9c8707e7419ba, type: 3}
  m_Name: 
  m_EditorClassIdentifier: 
  m_SceneId:
    m_Value: 0
  m_AssetId:
    i0: 57
    i1: 41
    i2: 196
    i3: 177
    i4: 241
    i5: 98
    i6: 215
    i7: 244
    i8: 121
    i9: 255
    i10: 193
    i11: 0
    i12: 204
    i13: 18
    i14: 27
    i15: 240
  m_ServerOnly: 0
  m_LocalPlayerAuthority: 1
--- !u!114 &114338781636583182
MonoBehaviour:
  m_ObjectHideFlags: 1
  m_PrefabParentObject: {fileID: 0}
  m_PrefabInternal: {fileID: 100100000}
  m_GameObject: {fileID: 1335193277364334}
  m_Enabled: 1
  m_EditorHideFlags: 0
  m_Script: {fileID: 11500000, guid: b9a5173f40271453ba1bcbce2f1b910c, type: 3}
  m_Name: 
  m_EditorClassIdentifier: 
  visRange: 50
  visUpdateInterval: 1
  checkMethod: 0
  forceHidden: 0
  castLayers:
    serializedVersion: 2
    m_Bits: 256
--- !u!114 &114603341079267982
MonoBehaviour:
  m_ObjectHideFlags: 1
  m_PrefabParentObject: {fileID: 0}
  m_PrefabInternal: {fileID: 100100000}
  m_GameObject: {fileID: 1335193277364334}
  m_Enabled: 1
  m_EditorHideFlags: 0
  m_Script: {fileID: 11500000, guid: 86a2ad07714bc4224a522601a356f987, type: 3}
  m_Name: 
  m_EditorClassIdentifier: 
  defaultResFire: 0
  defaultResWater: 0
  defaultResEarth: 0
  defaultResAir: 0
  defaultResMagic: 0
  defaultResLight: 0
  defaultResDark: 0
  defaultResSlashing: 0
  defaultResCrushing: 0
  defaultResPiercing: 0
  element: 0
  agent: {fileID: 195510792389516818}
  proxchecker: {fileID: 114338781636583182}
  netIdentity: {fileID: 114290428535311030}
  animator: {fileID: 95637245864595020}
  collider: {fileID: 65299160952349580}
  _state: IDLE
  level: 1
  invincible: 0
  healthRecovery: 1
  baseHealthRecoveryRate: 1
  manaRecovery: 1
  baseManaRecoveryRate: 1
  damagePopupPrefab: {fileID: 0}
  skillTemplates: []
  currentSkill: -1
  _gold: 0
  nameOverlay: {fileID: 0}
  harvestLength: 4
  collectibleBy: Mining
  minimumProfessionLevel: 1
  professionExperienceReward: 6
  collectedItem: {fileID: 11400000, guid: 612dc6dc565d5468db31d11d19c5942c, type: 2}
  amount:
    min: 1
    max: 3
  autoRespawn: 1
  respawnTime:
    min: 1
    max: 25
--- !u!114 &114718048791956952
MonoBehaviour:
  m_ObjectHideFlags: 1
  m_PrefabParentObject: {fileID: 0}
  m_PrefabInternal: {fileID: 100100000}
  m_GameObject: {fileID: 1335193277364334}
  m_Enabled: 1
  m_EditorHideFlags: 0
  m_Script: {fileID: 11500000, guid: d8055b2c9f09c4a42bbe9d1613f0b3f1, type: 3}
  m_Name: 
  m_EditorClassIdentifier: 
--- !u!195 &195510792389516818
NavMeshAgent:
  m_ObjectHideFlags: 1
  m_PrefabParentObject: {fileID: 0}
  m_PrefabInternal: {fileID: 100100000}
  m_GameObject: {fileID: 1335193277364334}
  m_Enabled: 1
  m_AgentTypeID: 0
  m_Radius: 0.00001
  m_Speed: 5
  m_Acceleration: 100
  avoidancePriority: 50
  m_AngularSpeed: 360
  m_StoppingDistance: 0
  m_AutoTraverseOffMeshLink: 1
  m_AutoBraking: 1
  m_AutoRepath: 1
  m_Height: 0.00001
  m_BaseOffset: -0.05
  m_WalkableMask: 4294967295
  m_ObstacleAvoidanceType: 0
